@misc{grun,note="There the Gr\"uneisen parameter was given in terms of volumetric expansion while here we deal with strain along one dimension so that $\beta = 3\gamma$ \cite{Korneta12}."}

@article{Nasu16,
	title = {Fermionic response from fractionalization in an insulating two-dimensional magnet},
	author = {J. Nasu and J. Knolle and D. L. Kovrizhin and Y. Motome and R. Moessner},
	journal = {Nature Physics},
	year = {2016},
	doi = {10.1038/nphys3809},
	url = {http://www.nature.com/nphys/journal/vaop/ncurrent/full/nphys3809.html}	
}

@article{Nasu15,
	title = {Thermal fractionalization of quantum spins in a Kitaev model: Temperature-linear specific heat and coherent transport of Majorana fermions},
	author = {Nasu, Joji and Udagawa, Masafumi and Motome, Yukitoshi},
	journal = {Phys. Rev. B},
	volume = {92},
	issue = {11},
	pages = {115122},
	numpages = {6},
	year = {2015},
	month = {Sep},
	publisher = {American Physical Society},
	doi = {10.1103/PhysRevB.92.115122},
	url = {http://link.aps.org/doi/10.1103/PhysRevB.92.115122}
}


@book{Blaizot86,
	title={Quantum theory of finite systems},
	author={Blaizot, Jean-Paul and Ripka, Georges},
	volume={3},
	number={9},
	year={1986},
	publisher={MIT press Cambridge}
}

@article{Jackeli09,
	title = {Mott Insulators in the Strong Spin-Orbit Coupling Limit: From Heisenberg to a Quantum Compass and Kitaev Models},
	author = {Jackeli, G. and Khaliullin, G.},
	journal = {Phys. Rev. Lett.},
	volume = {102},
	issue = {1},
	pages = {017205},
	numpages = {4},
	year = {2009},
	month = {Jan},
	publisher = {American Physical Society},
	doi = {10.1103/PhysRevLett.102.017205},
	url = {http://link.aps.org/doi/10.1103/PhysRevLett.102.017205}
}


@article{Kim16,
	title = {Crystal structure and magnetism in $\ensuremath{\alpha}-{\mathrm{RuCl}}_{3}$: An     \textit{ab initio}   study},
	author = {Kim, Heung-Sik and Kee, Hae-Young},
	journal = {Phys. Rev. B},
	volume = {93},
	issue = {15},
	pages = {155143},
	numpages = {10},
	year = {2016},
	month = {Apr},
	publisher = {American Physical Society},
	doi = {10.1103/PhysRevB.93.155143},
	url = {http://link.aps.org/doi/10.1103/PhysRevB.93.155143}
}

@article{Johnson74,
	title = {Hydrostatic-pressure studies of magnetic modes in the far infrared},
	author = {Johnson, K. C. and Sievers, A. J.},
	journal = {Phys. Rev. B},
	volume = {10},
	issue = {3},
	pages = {1027--1038},
	numpages = {0},
	year = {1974},
	month = {Aug},
	publisher = {American Physical Society},
	doi = {10.1103/PhysRevB.10.1027},
	url = {http://link.aps.org/doi/10.1103/PhysRevB.10.1027}
}

@article{Bloch66,
	title = "The 10/3 law for the volume dependence of superexchange",
	journal = "Journal of Physics and Chemistry of Solids",
	volume = "27",
	number = "5",
	pages = "881 - 885",
	year = "1966",
	note = "",
	issn = "0022-3697",
	doi = "10.1016/0022-3697(66)90262-9",
	url = "http://www.sciencedirect.com/science/article/pii/0022369766902629",
	author = "D. Bloch"
}

@article{White65,
	author={G K White},
	title={Thermal expansion of magnetic metals at low temperatures},
	journal={Proceedings of the Physical Society},
	volume={86},
	number={1},
	pages={159},
	url={http://stacks.iop.org/0370-1328/86/i=1/a=320},
	year={1965},
	publisher={IOP Publishing}
}

@phdthesis{Korneta12,
	title={A systematic study of transport, magnetic and thermal properties of layered iridates},
	author={Korneta, Oleksandr B},
	year={2012},
	school={University of Kentucky},
	url={http://uknowledge.uky.edu/cgi/viewcontent.cgi?article=1001&context=physastron_etds}
}

@article{Cheng11,
	title = {Gr\"uneisen parameter of the $G$ mode of strained monolayer graphene},
	author = {Cheng, Y. C. and Zhu, Z. Y. and Huang, G. S. and Schwingenschl\"ogl, U.},
	journal = {Phys. Rev. B},
	volume = {83},
	issue = {11},
	pages = {115449},
	numpages = {5},
	year = {2011},
	month = {Mar},
	publisher = {American Physical Society},
	doi = {10.1103/PhysRevB.83.115449},
	url = {http://link.aps.org/doi/10.1103/PhysRevB.83.115449}
}


@article{Neto09,
	title = {The electronic properties of graphene},
	author = {Castro Neto, A. H. and Guinea, F. and Peres, N. M. R. and Novoselov, K. S. and Geim, A. K.},
	journal = {Rev. Mod. Phys.},
	volume = {81},
	issue = {1},
	pages = {109--162},
	numpages = {0},
	year = {2009},
	month = {Jan},
	publisher = {American Physical Society},
	doi = {10.1103/RevModPhys.81.109},
	url = {http://link.aps.org/doi/10.1103/RevModPhys.81.109}
}

@article{Perreault16-1,
	title={Raman scattering in correlated thin films as a probe of chargeless surface states},
	author={Perreault, Brent and Knolle, Johannes and Perkins, Natalia B and Burnell, FJ},
	journal={arXiv:1601.02623},
	year={2016},
	url={http://arxiv.org/abs/1601.02623}
}

@article{Perreault16-2,
	title={Resonant Raman scattering theory for Kitaev models and their Majorana fermion boundary modes},
	author={Perreault, Brent and Knolle, Johannes and Perkins, Natalia B and Burnell, FJ},
	journal={arXiv:1606.02189},
	year={2016},
	url={http://arxiv.org/abs/1606.02189}
}

@article{Rammal85,
 	author = {{Rammal, R.}},
 	title = {Landau level spectrum of Bloch electrons in a honeycomb lattice},
 	DOI= "10.1051/jphys:019850046080134500",
 	url= "https://doi.org/10.1051/jphys:019850046080134500",
 	journal = {J. Phys. France},
 	year = 1985,
 	volume = 46,
 	number = 8,
 	pages = "1345-1354",
 }

@article{Rachel15,
	title = {Landau Levels of Majorana Fermions in a Spin Liquid},
	author = {Rachel, Stephan and Fritz, Lars and Vojta, Matthias},
	journal = {Phys. Rev. Lett.},
	volume = {116},
	issue = {16},
	pages = {167201},
	numpages = {5},
	year = {2016},
	month = {Apr},
	publisher = {American Physical Society},
	doi = {10.1103/PhysRevLett.116.167201},
	url = {http://link.aps.org/doi/10.1103/PhysRevLett.116.167201}
}

@article{Kitaev06,
	title = "Anyons in an exactly solved model and beyond ",
	journal = "Annals of Physics ",
	volume = "321",
	number = "1",
	pages = "2 - 111",
	year = "2006",
	issn = "0003-4916",
	doi = "10.1016/j.aop.2005.10.005",
	url = "http://www.sciencedirect.com/science/article/pii/S0003491605002381",
	author = "Alexei Kitaev"
}

@article{McClure56,
	title = {Diamagnetism of Graphite},
	author = {McClure, J. W.},
	journal = {Phys. Rev.},
	volume = {104},
	issue = {3},
	pages = {666--671},
	numpages = {0},
	year = {1956},
	month = {Nov},
	publisher = {American Physical Society},
	doi = {10.1103/PhysRev.104.666},
	url = {http://link.aps.org/doi/10.1103/PhysRev.104.666}
}


@article{Zhu15,
	title = {Programmable Extreme Pseudomagnetic Fields in Graphene by a Uniaxial Stretch},
	author = {Zhu, Shuze and Stroscio, Joseph A. and Li, Teng},
	journal = {Phys. Rev. Lett.},
	volume = {115},
	issue = {24},
	pages = {245501},
	numpages = {5},
	year = {2015},
	month = {Dec},
	publisher = {American Physical Society},
	doi = {10.1103/PhysRevLett.115.245501},
	url = {http://link.aps.org/doi/10.1103/PhysRevLett.115.245501}
}

@article {Levy10,
	author = {Levy, N. and Burke, S. A. and Meaker, K. L. and Panlasigui, M. and Zettl, A. and Guinea, F. and Neto, A. H. Castro and Crommie, M. F.},
	title = {Strain-Induced Pseudo{\textendash}Magnetic Fields Greater Than 300 Tesla in Graphene Nanobubbles},
	volume = {329},
	number = {5991},
	pages = {544--547},
	year = {2010},
	doi = {10.1126/science.1191700},
	publisher = {American Association for the Advancement of Science},
	issn = {0036-8075},
	URL = {http://science.sciencemag.org/content/329/5991/544},
	eprint = {http://science.sciencemag.org/content/329/5991/544.full.pdf},
	journal = {Science}
}

@article{Guinea10,
	title = {Energy gaps and a zero-field quantum Hall effect in graphene by strain engineering}
	author={F. Guinea and M. I. Katsnelson and A. K. Geim},
	journal={Nature Physics},
	volume={6},
	pages={30 - 33}
	year={2010} 
	doi={10.1038/nphys1420}
	}

@article{Amal13,
	title = {Electronic structure of a hexagonal graphene flake subjected to triaxial stress},
	author = {Neek-Amal, M. and Covaci, L. and Shakouri, Kh. and Peeters, F. M.},
	journal = {Phys. Rev. B},
	volume = {88},
	issue = {11},
	pages = {115428},
	numpages = {9},
	year = {2013},
	month = {Sep},
	publisher = {American Physical Society},
	doi = {10.1103/PhysRevB.88.115428},
	url = {http://link.aps.org/doi/10.1103/PhysRevB.88.115428}
}

@article{Sloan13,
	title = {Strain gauge fields for rippled graphene membranes under central mechanical load: An approach beyond first-order continuum elasticity},
	author = {Sloan, James V. and Sanjuan, Alejandro A. Pacheco and Wang, Zhengfei and Horvath, Cedric and Barraza-Lopez, Salvador},
	journal = {Phys. Rev. B},
	volume = {87},
	issue = {15},
	pages = {155436},
	numpages = {7},
	year = {2013},
	month = {Apr},
	publisher = {American Physical Society},
	doi = {10.1103/PhysRevB.87.155436},
	url = {http://link.aps.org/doi/10.1103/PhysRevB.87.155436}
}


@article{Vozmediano10,
	title = "Gauge fields in graphene ",
	journal = "Physics Reports ",
	volume = "496",
	number = "4â€“5",
	pages = "109 - 148",
	year = "2010",
	note = "",
	issn = "0370-1573",
	doi = "10.1016/j.physrep.2010.07.003",
	url = "http://www.sciencedirect.com/science/article/pii/S0370157310001729",
	author = "M.A.H. Vozmediano and M.I. Katsnelson and F. Guinea"
}

@article{Ocampo15,
title = "Landau levels in uniaxially strained graphene: A geometrical approach ",
journal = "Annals of Physics ",
volume = "359",
number = "",
pages = "243 - 251",
year = "2015",
note = "",
issn = "0003-4916",
doi = "10.1016/j.aop.2015.04.026",
url = "http://www.sciencedirect.com/science/article/pii/S0003491615001591",
author = "Y. Betancur-Ocampo and M.E. Cifuentes-Quintal and G. Cordourier-Maruri and R. de Coss"
}

@article{Amorim16,
	title = "Novel effects of strains in graphene and other two dimensional materials ",
	journal = "Physics Reports ",
	volume = "617",
	number = "",
	pages = "1 - 54",
	year = "2016",
	note = "Novel effects of strains in graphene and other two dimensional materials ",
	issn = "0370-1573",
	doi = "10.1016/j.physrep.2015.12.006",
	url = "http://www.sciencedirect.com/science/article/pii/S0370157315005402",
	author = "B. Amorim and A. Cortijo and F. de Juan and A.G. Grushin and F. Guinea and A. GutiÃ©rrez-Rubio and H. Ochoa and V. Parente and R. RoldÃ¡n and P. San-Jose and J. Schiefele and M. Sturla and M.A.H. Vozmediano"
}


